<?xml version="1.0" encoding="UTF-8"?>
<collection
  xmlns:xsi="http://www.w3.org/2001/XMLSchema-instance"
  xsi:schemaLocation="http://www.loc.gov/MARC21/slim http://www.loc.gov/standards/marcxml/schema/MARC21slim.xsd"
  xmlns="http://www.loc.gov/MARC21/slim">

<record>
  <leader>03271ckdaa2200493 a 4500</leader>
  <controlfield tag="001">3464637</controlfield>
  <controlfield tag="005">20100226104522.0</controlfield>
  <controlfield tag="008">010522s1915    xx ||| |||||||    k|eng d</controlfield>
  <datafield tag="035" ind1=" " ind2=" ">
    <subfield code="a">(OCoLC)80367466</subfield>
  </datafield>
  <datafield tag="035" ind1=" " ind2=" ">
    <subfield code="a">(OCoLC)ocm80367466</subfield>
  </datafield>
  <datafield tag="035" ind1=" " ind2=" ">
    <subfield code="a">(CStRLIN)NYDA01-F99</subfield>
  </datafield>
  <datafield tag="035" ind1=" " ind2=" ">
    <subfield code="a">(NNC)3464637</subfield>
  </datafield>
  <datafield tag="040" ind1=" " ind2=" ">
    <subfield code="a">NNC-A</subfield>
    <subfield code="c">NNC-A</subfield>
    <subfield code="e">gihc</subfield>
  </datafield>
  <datafield tag="090" ind1=" " ind2=" ">
    <subfield code="h">12/31/99 N</subfield>
  </datafield>
  <datafield tag="100" ind1="1" ind2=" ">
    <subfield code="a">Hulbert, Leroy.</subfield>
  </datafield>
  <datafield tag="240" ind1="1" ind2="0">
    <subfield code="a">James A. Culbertson house (Pasadena, Calif.)</subfield>
  </datafield>
  <datafield tag="245" ind1="1" ind2="0">
    <subfield code="a">[James A. Culbertson house, Pasadena, Calif.]</subfield>
    <subfield code="h">[graphic] /</subfield>
    <subfield code="c">Leroy Hulbert [photographer] ; [Greene &amp; Greene, architects]</subfield>
  </datafield>
  <datafield tag="260" ind1=" " ind2=" ">
    <subfield code="c">[circa 1915]</subfield>
  </datafield>
  <datafield tag="300" ind1=" " ind2=" ">
    <subfield code="a">9 photographic prints mounted on board :</subfield>
    <subfield code="b">brown tone ;</subfield>
    <subfield code="c">24.8 x 24.7 cm. (9 3/4 x 9 5/8 in.) or smaller, on mount 34.9 x 42.5 cm. (13 3/4 x 16 3/4 in.)</subfield>
  </datafield>
  <datafield tag="500" ind1=" " ind2=" ">
    <subfield code="a">Date and some image titles from: Greene &amp; Greene / Edward R. Bosley. London : Phaidon, 2000.</subfield>
  </datafield>
  <datafield tag="545" ind1=" " ind2=" ">
    <subfield code="a">Bosley dates the house, with alterations, to 1902-10.</subfield>
  </datafield>
  <datafield tag="500" ind1=" " ind2=" ">
    <subfield code="a">Photos are mounted horizontally and vertically.</subfield>
  </datafield>
  <datafield tag="500" ind1=" " ind2=" ">
    <subfield code="a">Photos are possibly platinum/palladium prints.</subfield>
  </datafield>
  <datafield tag="500" ind1=" " ind2=" ">
    <subfield code="a">Signed in various locations in the following form: Leroy Hulbert.</subfield>
  </datafield>
  <datafield tag="561" ind1=" " ind2=" ">
    <subfield code="a">Gift made possible by Harwell Hamilton Harris. Accession number 1987.003.</subfield>
  </datafield>
  <datafield tag="580" ind1=" " ind2=" ">
    <subfield code="a">Forms part of the Greene &amp; Greene architectural drawings and photographs, Dept. of Drawings &amp; Archives, Avery Architectural and Fine Arts Library.</subfield>
  </datafield>
  <datafield tag="650" ind1=" " ind2="7">
    <subfield code="a">Houses.</subfield>
    <subfield code="2">aat.</subfield>
  </datafield>
  <datafield tag="655" ind1=" " ind2="7">
    <subfield code="a">Photographic prints.</subfield>
    <subfield code="2">aat</subfield>
  </datafield>
  <datafield tag="651" ind1=" " ind2="0">
    <subfield code="a">Pasadena (Calif.)</subfield>
  </datafield>
  <datafield tag="610" ind1="2" ind2="0">
    <subfield code="a">James A. Culbertson house (Pasadena, Calif.)</subfield>
  </datafield>
  <datafield tag="700" ind1="1" ind2=" ">
    <subfield code="a">Culbertson, James A.</subfield>
  </datafield>
  <datafield tag="710" ind1="2" ind2=" ">
    <subfield code="a">Greene &amp; Greene.</subfield>
  </datafield>
  <datafield tag="773" ind1="0" ind2=" ">
    <subfield code="7">c2bc</subfield>
    <subfield code="a">Greene &amp; Greene.</subfield>
    <subfield code="t">Architectural drawings and photographs.</subfield>
    <subfield code="w">(CStRLIN)NYDA88-A56.</subfield>
  </datafield>
  <datafield tag="789" ind1="0" ind2=" ">
    <subfield code="l">[1]</subfield>
    <subfield code="i">NYDA.1987.003.00047.</subfield>
    <subfield code="t">[Side elevation].</subfield>
    <subfield code="p">19.6 x 24.7 cm. (7 3/4x 9 5/8 in.).</subfield>
    <subfield code="o">Signed on photo, lower right.</subfield>
  </datafield>
  <datafield tag="789" ind1="0" ind2=" ">
    <subfield code="l">[2]</subfield>
    <subfield code="i">NYDA.1987.003.00048.</subfield>
    <subfield code="t">[Entry hall with stained glass door].</subfield>
    <subfield code="p">19.2 x 23.2 cm. (7 5/8 x 9 1/4 in.).</subfield>
    <subfield code="o">Signed on photo, lower left.</subfield>
  </datafield>
  <datafield tag="789" ind1="0" ind2=" ">
    <subfield code="l">[3]</subfield>
    <subfield code="i">NYDA.1987.003.00049.</subfield>
    <subfield code="t">[Entry hall with stained glass door].</subfield>
    <subfield code="p">19.6 x 23.8 cm. (7 3/4 x 9 3/8 in.).</subfield>
    <subfield code="o">Signed on photo, lower left.</subfield>
  </datafield>
  <datafield tag="789" ind1="0" ind2=" ">
    <subfield code="l">[4]</subfield>
    <subfield code="i">NYDA.1987.003.00050</subfield>
    <subfield code="t">[Entry hall, view past the staircase toward den (on right) and dining room].</subfield>
    <subfield code="p">19.5 x 24.2 cm. (7 3/4 x 9 1/2 in.).</subfield>
    <subfield code="o">Signed on photo, lower left.</subfield>
  </datafield>
  <datafield tag="789" ind1="0" ind2=" ">
    <subfield code="l">[5]</subfield>
    <subfield code="i">NYDA.1987.003.00051.</subfield>
    <subfield code="t">[Entry hall, view toward the staircase].</subfield>
    <subfield code="p">19.4 x 24.4 cm (7 5/8 x 9 5/8 in.).</subfield>
    <subfield code="o">Signed on photo, lower right.</subfield>
  </datafield>
  <datafield tag="789" ind1="0" ind2=" ">
    <subfield code="l">[6]</subfield>
    <subfield code="i">NYDA.1987.003.00052.</subfield>
    <subfield code="t">[Entry hall, view toward the staircase].</subfield>
    <subfield code="p">19.4 x 24.4 cm. (7 5/8 9 5/8 in.).</subfield>
    <subfield code="o">Signed on photo, lower right.</subfield>
  </datafield>
  <datafield tag="789" ind1="0" ind2=" ">
    <subfield code="l">[7]</subfield>
    <subfield code="i">NYDA.1987.003.00053.</subfield>
    <subfield code="t">[Entry hall staircase with stained glass window].</subfield>
    <subfield code="p">24.8 x 19.8 cm. (9 3/4 x 7 7/8 in.).</subfield>
    <subfield code="o">Signed on photo, lower left.</subfield>
  </datafield>
  <datafield tag="789" ind1="0" ind2=" ">
    <subfield code="l">[8]</subfield>
    <subfield code="i">NYDA.1987.003.00054.</subfield>
    <subfield code="t">[Dining room addition].</subfield>
    <subfield code="p">19.5 x 24.6 cm. (7 3/4 x 9 5/8 in.).</subfield>
    <subfield code="o">Signed on photo, lower left.</subfield>
  </datafield>
  <datafield tag="789" ind1="0" ind2=" ">
    <subfield code="l">[9]</subfield>
    <subfield code="i">NYDA.1987.003.00055.</subfield>
    <subfield code="t">[Dining room addition, detail].</subfield>
    <subfield code="p">18.4 x 20.5 cm. (7 1/4 x 8 1/2 in.).</subfield>
    <subfield code="o">Signed on photo, lower left.</subfield>
  </datafield>
  <datafield tag="852" ind1=" " ind2=" ">
    <subfield code="a">Columbia University</subfield>
    <subfield code="b">Avery Architectural and Fine Arts Library, Drawings and Archives Collection</subfield>
    <subfield code="e">1172 Amsterdam Avenue, MC 0301, New York, NY 10027.</subfield>
  </datafield>
  <datafield tag="900" ind1=" " ind2=" ">
    <subfield code="a">AUTH</subfield>
  </datafield>
</record>

</collection>